<collection>
<record>
<leader>06422cpcaa22008897a 4500</leader>
<controlfield tag="001">17616369</controlfield>
<controlfield tag="005">20170328162604.0</controlfield>
<controlfield tag="007">ss ||njl|||n|e</controlfield>
<controlfield tag="008">130206i19742010xx eng </controlfield>
<datafield ind1=" " ind2=" " tag="906">
<subfield code="a">7</subfield>
<subfield code="b">cbc</subfield>
<subfield code="c">orignew</subfield>
<subfield code="d">u</subfield>
<subfield code="e">ncip</subfield>
<subfield code="f">20</subfield>
<subfield code="g">y-folklife</subfield>
</datafield>
<datafield ind1=" " ind2=" " tag="955">
<subfield code="a">mkru 2013-02-06;</subfield>
<subfield code="a">mseg 2013-03-08;</subfield>
<subfield code="a">kste 2014-04-04</subfield>
<subfield code="a">mkru 2017-03-28</subfield>
</datafield>
<datafield ind1="2" ind2="0" tag="033">
<subfield code="a">1974----</subfield>
<subfield code="a">2010----</subfield>
</datafield>
<datafield ind1=" " ind2=" " tag="010">
<subfield code="a"> 2013655203</subfield>
</datafield>
<datafield ind1=" " ind2=" " tag="040">
<subfield code="a">DLC</subfield>
<subfield code="c">DLC</subfield>
<subfield code="e">dacs</subfield>
<subfield code="d">DLC</subfield>
</datafield>
<datafield ind1=" " ind2=" " tag="043">
<subfield code="a">n-us-la</subfield>
</datafield>
<datafield ind1=" " ind2=" " tag="090">
<subfield code="a">RYL 4314-4327; RYN 5345-5425</subfield>
</datafield>
<datafield ind1=" " ind2=" " tag="090">
<subfield code="a">AFC 2012/044</subfield>
</datafield>
<datafield ind1="0" ind2="0" tag="245">
<subfield code="a">
A. James Delahoussaye collection of Atchafalaya River Basin recordings.
</subfield>
</datafield>
<datafield ind1=" " ind2=" " tag="260">
<subfield code="c">1974-2010.</subfield>
</datafield>
<datafield ind1=" " ind2=" " tag="300">
<subfield code="a">485</subfield>
<subfield code="f">items</subfield>
</datafield>
<datafield ind1=" " ind2=" " tag="300">
<subfield code="a">.2</subfield>
<subfield code="f">linear feet.</subfield>
</datafield>
<datafield ind1=" " ind2=" " tag="300">
<subfield code="a">96 sound cassettes :</subfield>
<subfield code="b">analog.</subfield>
</datafield>
<datafield ind1=" " ind2=" " tag="300">
<subfield code="a">635 photographs :</subfield>
<subfield code="b">digital, JPEG files, color, black and white.</subfield>
</datafield>
<datafield ind1=" " ind2=" " tag="300">
<subfield code="a">49 transcripts (MS Word files)</subfield>
</datafield>
<datafield ind1=" " ind2=" " tag="300">
<subfield code="a">4 sound files (WAV)</subfield>
</datafield>
<datafield ind1=" " ind2=" " tag="300">
<subfield code="3">manuscripts</subfield>
<subfield code="a">1</subfield>
<subfield code="f">folder.</subfield>
</datafield>
<datafield ind1="0" ind2=" " tag="511">
<subfield code="a">
Various interviewees including A. James Delahoussaye, Albert (Myon) Bailey, Agnes Sauce Bailey, Lena Mae Bailey Couvillier, Edward Couvillier, Carolyn Pedigo Delahoussaye, Marie Daigle, Dorothy (Dot) Bailey Couvillier, Kevin Couvillier, Gale Guillory Daigle, Matthew Daigle, Roy (Bootsie) Millet, Alvin Marcotte, Ophelia (Yank) Sauce Millet, Danna Halpin, Darlene Bailey Soulé, Nicki Curran, David Daigle, C. Joseph Sauce, Jr., Florence M. Anslem Sauce, Blue Anslem Daigle, EJ Daigle, Cleo (Neg) Sauce, Ida Sauce Daigle, Russell Daigle, Medric Martin, Albert (Putt) Couvillier, Gloria Ann Lange Marcotte, Margaret Couvillier Neal, Stanley Halpin, Eliza (Liza) Louise Domingue Couvillier Henry, Justin Couvillier, Larry Couvillier, Carl Carline, and many others.
</subfield>
</datafield>
<datafield ind1=" " ind2=" " tag="518">
<subfield code="a">
Recorded at various locations in the Atchafalaya River Basin, Louisiana, including the towns or settlements of Bayou Chene, Hog Island, Franklin, Morgan City, Plaquemine and Charenton, and in other locations in the parishes of Iberia, St. Martin, St. Mary, Iberville, and Assumption by A. James Delahoussaye from 1974-2010.
</subfield>
</datafield>
<datafield ind1=" " ind2=" " tag="520">
<subfield code="a">
Collection of field recordings of interviews with Atchafalaya River Basin, Louisiana, residents about their lives, traditions, and folkways, recorded from 1974-2010, as well as approximately 635 digital images documenting the same traditions. Interviews were conducted by Alphe James (Jim) Delahoussaye. Digital images were created by his colleague, Darlene Soulé, of many of the same informants. Topics include fresh water fishing and shrimping, other animals and animal husbandry, cooking, medicine, weather, logging, community gatherings, religion and churches, boatbuilding, courtship, marriage, and education. These residents of the Atchafalaya River Basin, many of whom were elderly at the time of the interviews, recall traditions and events experienced from the 1880s and through the 20th century. Photographs are digital copies of original family photographs dating from the 1920s to the present.
</subfield>
</datafield>
<datafield ind1="8" ind2=" " tag="524">
<subfield code="a">
A. James Delahoussaye collection of Atchafalaya River Basin recordings (AFC 2012/044), Archive of Folk Culture, American Folklife Center, Library of Congress, Washington, D.C.
</subfield>
</datafield>
<datafield ind1=" " ind2=" " tag="530">
<subfield code="a">
Additional formats received with the collection (for tapes 1-83): 156 sound files, WAV : digital.
</subfield>
</datafield>
<datafield ind1="0" ind2=" " tag="506">
<subfield code="a">
Collection is open for research. To request materials, please contact the Folklife Reading Room at
</subfield>
<subfield code="u">http://hdl.loc.gov/loc.afc/folklife.contact</subfield>
</datafield>
<datafield ind1=" " ind2=" " tag="540">
<subfield code="a">
Duplication of collection materials may be governed by copyright and other restrictions.
</subfield>
</datafield>
<datafield ind1=" " ind2=" " tag="541">
<subfield code="a">A. James Delahoussaye;</subfield>
<subfield code="c">Donation;</subfield>
<subfield code="d">2012.</subfield>
</datafield>
<datafield ind1=" " ind2=" " tag="545">
<subfield code="a">
A. James Delahoussaye, environmental scientist, teacher, commercial fisherman, who is working on the ethnology of the Atchafalaya houseboat communities and the analysis of animal bone from prehistoric Indian middens; born in New Iberia, Louisiana in 1938.
</subfield>
</datafield>
<datafield ind1=" " ind2=" " tag="546">
<subfield code="a">In English.</subfield>
</datafield>
<datafield ind1="0" ind2=" " tag="555">
<subfield code="a">
Finding aid is available in the Folklife Reading Room, Library of Congress and online
</subfield>
<subfield code="u">http://hdl.loc.gov/loc.afc/eadafc.af014002</subfield>
</datafield>
<datafield ind1="3" ind2="0" tag="600">
<subfield code="a">Bailey family.</subfield>
</datafield>
<datafield ind1="3" ind2="4" tag="600">
<subfield code="a">Couvillier family.</subfield>
</datafield>
<datafield ind1="3" ind2="0" tag="600">
<subfield code="a">Daigle family.</subfield>
</datafield>
<datafield ind1="3" ind2="0" tag="600">
<subfield code="a">Millet family</subfield>
</datafield>
<datafield ind1="3" ind2="4" tag="600">
<subfield code="a">Sauce family.</subfield>
</datafield>
<datafield ind1=" " ind2="0" tag="650">
<subfield code="a">Bayous</subfield>
<subfield code="z">Louisiana</subfield>
<subfield code="z">Atchafalaya River Region.</subfield>
</datafield>
<datafield ind1=" " ind2="0" tag="650">
<subfield code="a">Boatbuilding</subfield>
<subfield code="z">Louisiana</subfield>
<subfield code="z">Atchafalaya River Region.</subfield>
</datafield>
<datafield ind1=" " ind2="0" tag="650">
<subfield code="a">Cajuns</subfield>
<subfield code="z">Louisiana</subfield>
<subfield code="z">Atchafalaya River Region</subfield>
<subfield code="v">Interviews.</subfield>
</datafield>
<datafield ind1=" " ind2="0" tag="650">
<subfield code="a">Cajuns</subfield>
<subfield code="z">Louisiana</subfield>
<subfield code="z">Atchafalaya River Region</subfield>
<subfield code="v">Folklore.</subfield>
</datafield>
<datafield ind1=" " ind2="0" tag="650">
<subfield code="a">Catholics</subfield>
<subfield code="z">Louisiana</subfield>
<subfield code="z">Atchafalaya River Region</subfield>
<subfield code="v">Interviews.</subfield>
</datafield>
<datafield ind1=" " ind2="0" tag="650">
<subfield code="a">Ecology</subfield>
<subfield code="z">Louisiana</subfield>
<subfield code="z">Atchafalaya River Region.</subfield>
</datafield>
<datafield ind1=" " ind2="0" tag="650">
<subfield code="a">Environmental degradation</subfield>
<subfield code="z">Louisiana</subfield>
<subfield code="z">Atchafalaya River Region.</subfield>
</datafield>
<datafield ind1=" " ind2="0" tag="650">
<subfield code="a">Field recordings</subfield>
<subfield code="z">Louisiana.</subfield>
</datafield>
<datafield ind1=" " ind2="0" tag="650">
<subfield code="a">Fishers</subfield>
<subfield code="z">Louisiana</subfield>
<subfield code="z">Atchafalaya River Region</subfield>
<subfield code="v">Interviews.</subfield>
</datafield>
<datafield ind1=" " ind2="0" tag="650">
<subfield code="a">Fishing</subfield>
<subfield code="z">Louisiana</subfield>
<subfield code="z">Atchafalaya River Region.</subfield>
</datafield>
<datafield ind1=" " ind2="0" tag="650">
<subfield code="a">Food habits</subfield>
<subfield code="z">Louisiana</subfield>
<subfield code="z">Atchafalaya River Region.</subfield>
</datafield>
<datafield ind1=" " ind2="0" tag="650">
<subfield code="a">Funeral rites and ceremonies</subfield>
<subfield code="z">Louisiana</subfield>
<subfield code="z">Atchafalaya River Region.</subfield>
</datafield>
<datafield ind1=" " ind2="0" tag="650">
<subfield code="a">Ghost stories</subfield>
<subfield code="z">Louisiana</subfield>
<subfield code="z">Atchafalaya River Region.</subfield>
</datafield>
<datafield ind1=" " ind2="0" tag="650">
<subfield code="a">Houseboats</subfield>
<subfield code="z">Louisiana</subfield>
<subfield code="z">Atchafalaya River Region.</subfield>
</datafield>
<datafield ind1=" " ind2="0" tag="650">
<subfield code="a">Hunting stories</subfield>
<subfield code="z">Louisiana</subfield>
<subfield code="z">Atchafalaya River Region.</subfield>
</datafield>
<datafield ind1=" " ind2="0" tag="650">
<subfield code="a">Levees</subfield>
<subfield code="z">Louisiana</subfield>
<subfield code="z">Atchafalaya River Region.</subfield>
</datafield>
<datafield ind1=" " ind2="0" tag="650">
<subfield code="a">Relocation (Housing)</subfield>
<subfield code="z">Louisiana</subfield>
<subfield code="z">Atchafalaya River Region.</subfield>
</datafield>
<datafield ind1=" " ind2="0" tag="650">
<subfield code="a">Shrimp culture</subfield>
<subfield code="z">Louisiana</subfield>
<subfield code="z">Atchafalaya River Region.</subfield>
</datafield>
<datafield ind1=" " ind2="0" tag="650">
<subfield code="a">Traditional medicine</subfield>
<subfield code="z">Louisiana</subfield>
<subfield code="z">Atchafalaya River Region.</subfield>
</datafield>
<datafield ind1=" " ind2="0" tag="651">
<subfield code="a">Atchafalaya River Watershed (La.)</subfield>
<subfield code="x">History.</subfield>
</datafield>
<datafield ind1=" " ind2="0" tag="651">
<subfield code="a">Atchafalaya River Watershed (La.)</subfield>
<subfield code="x">Social life and customs.</subfield>
</datafield>
<datafield ind1=" " ind2="0" tag="651">
<subfield code="a">Saint Martin Parish (La.)</subfield>
<subfield code="v">Genealogy.</subfield>
</datafield>
<datafield ind1=" " ind2="0" tag="651">
<subfield code="a">Saint Martin Parish (La.)</subfield>
<subfield code="x">History.</subfield>
</datafield>
<datafield ind1=" " ind2="0" tag="651">
<subfield code="a">Saint Mary Parish (La.)</subfield>
<subfield code="v">Genealogy.</subfield>
</datafield>
<datafield ind1=" " ind2="0" tag="651">
<subfield code="a">Saint Mary Parish (La.)</subfield>
<subfield code="x">History.</subfield>
</datafield>
<datafield ind1=" " ind2="7" tag="655">
<subfield code="a">Oral histories.</subfield>
<subfield code="2">lcgft</subfield>
</datafield>
<datafield ind1=" " ind2="7" tag="655">
<subfield code="a">Digital photographs.</subfield>
<subfield code="2">aat</subfield>
</datafield>
<datafield ind1=" " ind2="7" tag="655">
<subfield code="a">Field recordings.</subfield>
<subfield code="2">lcgft</subfield>
</datafield>
<datafield ind1=" " ind2="7" tag="655">
<subfield code="a">Sound recordings.</subfield>
<subfield code="2">aat</subfield>
</datafield>
<datafield ind1="1" ind2=" " tag="700">
<subfield code="a">Delahoussaye, A. James,</subfield>
<subfield code="d">1938-</subfield>
<subfield code="e">collector.</subfield>
</datafield>
<datafield ind1="1" ind2=" " tag="700">
<subfield code="a">Soulé, Darlene,</subfield>
<subfield code="e">photographer.</subfield>
</datafield>
<datafield ind1=" " ind2=" " tag="852">
<subfield code="a">Library of Congress</subfield>
<subfield code="b">Archive of Folk Culture, American Folklife Center,</subfield>
<subfield code="e">
101 Independence Ave. S.E., Washington, DC USA 20540-4610
</subfield>
<subfield code="u">http://hdl.loc.gov/loc.afc/folklife.home</subfield>
</datafield>
<datafield ind1="4" ind2="2" tag="856">
<subfield code="3">Finding aid</subfield>
<subfield code="u">http://hdl.loc.gov/loc.afc/eadafc.af014002</subfield>
</datafield>
<datafield ind1=" " ind2=" " tag="985">
<subfield code="a">afc/ead</subfield>
</datafield>
<datafield ind1=" " ind2=" " tag="985">
<subfield code="a">afc/coll</subfield>
</datafield>
</record>
</collection>